% http://www.john-uebersax.com/stat/kappa2.htm
% http://bioinformatics.oxfordjournals.org/content/16/5/412.abstract
% http://www.uccs.edu/~faculty/lbecker/SPSS/ctabs1.htm#11. Directional Measures of Association

% =============================================================================
%  Spearman's Rho
% =============================================================================
@article{galton1888co,
  title={Co-relations and their measurement, chiefly from anthropometric data},
  author={Galton, F.},
  journal={Proceedings of the Royal Society of London},
  volume={45},
  number={273-279},
  pages={135--145},
  year={1888},
  publisher={The Royal Society},
  comment={The original paper where Galton basically invents correlation.  Pearson would develop his Rho from this beginning}
}
% =============================================================================
%  Cohen's kappa
% =============================================================================
@article{cohen1960coefficient,
  title={A coefficient of agreement for nominal scales},
  author={Cohen, J. and others},
  journal={Educational and psychological measurement},
  volume={20},
  number={1},
  pages={37--46},
  year={1960},
  publisher={Durham}
}


% =============================================================================
% Goodman & Kruskal's Tau
% =============================================================================
@article{goodman1954measures,
  title={Measures of association for cross classifications*},
  author={Goodman, L.A. and Kruskal, W.H.},
  journal={journal of the American Statistical Association},
  volume={49},
  number={268},
  pages={732--764},
  year={1954},
  publisher={Taylor \& Francis Group}
}

% =============================================================================
%  Cronbach's alpha
% =============================================================================
@article{ritter2010understanding,
  title={Understanding a Widely Misunderstood Statistic: Cronbach's" Alpha".},
  author={Ritter, N.L.},
  journal={Online Submission},
  year={2010},
  publisher={ERIC}
}


% =============================================================================
%  Mantel-Haeszel
% =============================================================================
@article{mantel2004statistical,
  title={Statistical aspects of the analysis of data from retrospective studies of disease},
  author={Mantel, N. and Haenszel, W.},
  journal={The Challenge of Epidemiology: Issues and Selected Readings},
  volume={1},
  number={1},
  pages={533--553},
  year={2004},
  publisher={Pan American Health Organization (PAHO)}
}
